<record xmlns="http://www.loc.gov/MARC21/slim">
   <leader>03034cam a2200397 i 4500</leader>
   <controlfield tag="001">6677761</controlfield>
   <controlfield tag="003">FlBoTFG</controlfield>
   <controlfield tag="005">20140910124938.0</controlfield>
   <controlfield tag="006">m    ||  d |      </controlfield>
   <controlfield tag="007">cr |||</controlfield>
   <controlfield tag="008">140910t20152015njuad   ob    001 0 eng d</controlfield>
   <datafield ind1=" " ind2=" " tag="020">
      <subfield code="a">9781482240979 (e-book : PDF)</subfield>
   </datafield>
   <datafield ind1=" " ind2=" " tag="035">
      <subfield code="a">ocn889264374</subfield>
   </datafield>
   <datafield ind1=" " ind2=" " tag="039">
      <subfield code="a">exclude</subfield>
   </datafield>
   <datafield ind1=" " ind2=" " tag="040">
      <subfield code="a">FlBoTFG</subfield>
      <subfield code="b">eng</subfield>
      <subfield code="c">FlBoTFG</subfield>
      <subfield code="e">rda</subfield>
      <subfield code="d">AEU</subfield>
   </datafield>
   <datafield ind1=" " ind2="4" tag="050">
      <subfield code="a">QC173.4.S94</subfield>
      <subfield code="b">R47 2015</subfield>
   </datafield>
   <datafield ind1="0" ind2=" " tag="082">
      <subfield code="a">530.417</subfield>
      <subfield code="b">R432</subfield>
   </datafield>
   <datafield ind1=" " ind2=" " tag="090">
      <subfield code="a">Internet Access</subfield>
      <subfield code="b">AEU</subfield>
   </datafield>
   <datafield ind1="0" ind2="0" tag="245">
      <subfield code="a">Research methodology in physics and chemistry of surfaces and interfaces /</subfield>
      <subfield code="c">edited by Nekane Guarrotxena, PhD ; A. Pourhashemi, PhD, Gennady E. Zaikov, DSc, and A. K. Haghi, PhD, reviewers and Advisory Board Members.</subfield>
   </datafield>
   <datafield ind1=" " ind2="1" tag="264">
      <subfield code="a">Waretown, New Jersey :</subfield>
      <subfield code="b">Apple Academic Press,</subfield>
      <subfield code="c">[2015]</subfield>
   </datafield>
   <datafield ind1=" " ind2="4" tag="264">
      <subfield code="c">©2015</subfield>
   </datafield>
   <datafield ind1=" " ind2=" " tag="300">
      <subfield code="a">1 online resource :</subfield>
      <subfield code="b">text file, PDF</subfield>
   </datafield>
   <datafield ind1=" " ind2=" " tag="336">
      <subfield code="a">text</subfield>
      <subfield code="2">rdacontent</subfield>
   </datafield>
   <datafield ind1=" " ind2=" " tag="337">
      <subfield code="a">computer</subfield>
      <subfield code="2">rdamedia</subfield>
   </datafield>
   <datafield ind1=" " ind2=" " tag="338">
      <subfield code="a">online resource</subfield>
      <subfield code="2">rdacarrier</subfield>
   </datafield>
   <datafield ind1=" " ind2=" " tag="504">
      <subfield code="a">Includes bibliographical references and index.</subfield>
   </datafield>
   <datafield ind1="0" ind2=" " tag="505">
      <subfield code="a">1. Highly filled composite materials with regulated physical and mechanical properties based on synthetic polymers and organic and inorganic fillers / O.A. Legonkova, A.A. Popov, A.A. Bokarev, and S.G. Karpova -- 2. Prediction of photoelectrochemical properties of selected molecules by their structure / V.A. Ilatovsky, G.V. Sinko, G.A. Ptitsyn, and G.G. Komissarov -- 3. Poly(ethylene-co-vinyl acetate) composites in nanoscale: research methodology and developments / Dhorali Gnanasekaran1, Pedro H. Massinga Jr, and Walter W. Focke -- 4. Pore structure of poly(2-hydroxyethyl methacrylate) scaffolds / D. Horák and H. Hlídková -- 5. Progress on application of fire-retardant coatings based on perchlorovinyl resin / G.E. Zaikov -- 6. The dependencies of dissociation energy of binary molecules and formation enthalpies of single-atom gases on initial spatial-energy characteristics of free atoms / G.A. Korablev, N.G. Korableva, and G.E. Zaikov -- 7. Nanohydrodynamics and liquid-solid interfaces : a comprehensive review / A.K. Haghi, A. Pourhashemi, and G.E. Zaikov -- 8. Correlation between the conductive properties of poly(methyl methacrylate) and its microstructure / Nekane Guarrotxena and Miguel Mudarra -- 9. Development of electrohydrodynamics and thermo-electro-hydro dynamics principles for electrospun fiber reinforced through in situ nano-interface formation / A.K. Haghi and A. Pourhashemi -- 10. Liquid jet-air interface in electrospinning processes / A.K. Haghi and A. Pourhashemi.</subfield>
   </datafield>
   <datafield ind1=" " ind2=" " tag="506">
      <subfield code="a">Access restricted to authorized users and institutions.</subfield>
   </datafield>
   <datafield ind1=" " ind2=" " tag="596">
      <subfield code="a">44</subfield>
   </datafield>
   <datafield ind1=" " ind2="0" tag="650">
      <subfield code="a">Surfaces (Physics)</subfield>
   </datafield>
   <datafield ind1=" " ind2="0" tag="650">
      <subfield code="a">Surface chemistry.</subfield>
   </datafield>
   <datafield ind1=" " ind2="0" tag="650">
      <subfield code="a">Research</subfield>
      <subfield code="x">Methodology.</subfield>
   </datafield>
   <datafield ind1="1" ind2=" " tag="700">
      <subfield code="a">Guarrotxena, Nekane,</subfield>
      <subfield code="e">editor.</subfield>
   </datafield>
   <datafield ind1="4" ind2="0" tag="856">
      <subfield code="3">University of Alberta Access</subfield>
      <subfield code="u">http://marc.crcnetbase.com/isbn/9781482240979</subfield>
      <subfield code="z">(Unlimited Concurrent Users)</subfield>
   </datafield>
   <datafield ind1=" " ind2=" " tag="949">
      <subfield code="h">UAIN</subfield>
      <subfield code="z">CRC</subfield>
   </datafield>
   <datafield ind1=" " ind2=" " tag="926">
      <subfield code="a">Internet Access</subfield>
      <subfield code="w">LC</subfield>
      <subfield code="c">1</subfield>
      <subfield code="i">6677761-1001</subfield>
      <subfield code="l">INTERNET</subfield>
      <subfield code="m">UAINTERNET</subfield>
      <subfield code="r">Y</subfield>
      <subfield code="s">Y</subfield>
      <subfield code="t">E-RESOURCE</subfield>
      <subfield code="u">9/15/2014</subfield>
      <subfield code="x">E-BOOK</subfield>
      <subfield code="z">CRC</subfield>
   </datafield>
</record>
